@article{agranovich,
	author = {{Agranovich, M. S.}},
	title = {Spectral properties of elliptic pseudodifferential operators on a closed curve},
	journal = {Functional Analysis and Its Applications},
	volume = {13},
	number = {4},
	pages = {279--281},
	year = {1980},
	doi = {10.1007/bf01078368}
}

@article{alvarez-hounie,
	author = {{Alvarez, J.} and {Hounie, J.}},
	title = {Estimates for the kernel and continuity properties of pseudo-differential operators},
	journal = {Arkiv f{\"o}r Matematik},
	volume = {28},
	number = {1--2},
	pages = {1--22},
	year = {1990},
	doi = {10.1007/bf02387364}
}

@article{alvarez-milman,
	author = {{{\'A}lvarez, J.} and {Milman, M.}},
	title = {Vector valued inequalities for strongly singular Calder{\'o}n-Zygmund operators},
	journal = {Revista Matem{\'a}tica Iberoamericana},
	volume = {2},
	number = {4},
	pages = {405--426},
	year = {1986},
	doi = {10.4171/rmi/42}
}

@book{bergh-lofstrom,
	author = {{Bergh, J.} and {Lofstrom, J.}},
	title = {Interpolation spaces},
	series = {Grundlehren der mathematischen Wissenschaften},
	year = {1976}
}

@article{calderon-vaillancourt-1,
	author = {{Calder{\'o}n, A. P.} and {Vaillancourt, R.}},
	title = {On the boundedness of pseudo-differential operators},
	journal = {Journal of the Mathematical Society of Japan},
	volume = {23},
	number = {2},
	year = {1971},
	doi = {10.2969/jmsj/02320374}
}

@article{calderon-vaillancourt-2,
	author = {{Calder{\'o}n, A. P.} and {Vaillancourt, R.}},
	title = {A class of bounded pseudo-differential operators},
	journal = {Proceedings of the National Academy of Sciences},
	volume = {69},
	number = {5},
	pages = {1185--1187},
	year = {1972},
	doi = {10.1073/pnas.69.5.1185}
}

@article{calderon-zygmund,
	author = {{Calder{\'o}n, A. P.} and {Zygmund, A.}},
	title = {On the existence of certain singular integrals},
	journal = {Acta Mathematica},
	volume = {88},
	number = {0},
	pages = {85--139},
	year = {1952},
	doi = {10.1007/bf02392130}
}

@article{cardona,
	author = {{Cardona, D.}},
	title = {Weak type (1,1) bounds for a class of periodic pseudo-differential operators},
	journal = {Journal of Pseudo-Differential Operators and Applications},
	volume = {5},
	number = {4},
	pages = {507--515},
	year = {2014},
	doi = {10.1007/s11868-014-0101-9}
}

@article{Cardona2016,
	author = {{Cardona, D.}},
	title = {H{\"o}lder--Besov boundedness for periodic pseudo-differential operators},
	journal = {Journal of Pseudo-Differential Operators and Applications},
	volume = {8},
	number = {1},
	pages = {13--34},
	year = {2016},
	doi = {10.1007/s11868-016-0174-8}
}

@article{Cardona2018,
	author = {{Cardona, D.}},
	title = {On the boundedness of periodic pseudo-differential operators},
	journal = {Monatshefte f{\"u}r Mathematik},
	volume = {185},
	number = {2},
	pages = {189--206},
	year = {2018},
	doi = {10.1007/s00605-017-1029-y}
}

@article{cardona-delgado-kumar,
	author = {{Cardona, D.} and {Delgado, J.} and {Kumar, V.} and {Ruzhansky, M.}},
	title = {Lp-Lq-Boundedness of pseudo-differential operators on compact Lie groups},
	journal = {Osaka Journal of Mathematics},
	note = {to appear},
	year = {2023},
	eprint = {arXiv:2310.16247}
}

@article{cardona:kumar:jfaa,
	author = {{Cardona, D.} and {Kumar, V.}},
	title = {$L^p$-boundedness and $L^p$-nuclearity of multilinear pseudo-differential operators on ${\mathbb{Z}}^n$ and the torus ${\mathbb{T}}^n$},
	journal = {Journal of Fourier Analysis and Applications},
	volume = {25},
	number = {6},
	pages = {2973--3017},
	year = {2019},
	doi = {10.1007/s00041-019-09689-7}
}

@article{Cardona:Martinez,
	title = {Estimates for pseudo-differential operators on the torus revisited. I},
	journal = {Journal of Mathematical Analysis and Applications},
	volume = {554},
	number = {2},
	pages = {129959},
	year = {2026},
	issn = {0022-247X},
	doi = {https://doi.org/10.1016/j.jmaa.2025.129959},
	author = {{Cardona, D.} and {Martínez, M. A.}},
}

@article{CardonaCRAS,
	author = {{Cardona, D.} and {Messiouene, R.} and {Senoussaoui, A.}},
	title = {Periodic Fourier integral operators in Lp-spaces},
	journal = {Comptes Rendus. Math{\'e}matique},
	volume = {359},
	number = {5},
	pages = {547--553},
	year = {2021},
	doi = {10.5802/crmath.194}
}

@article{cardona-ruzhansky,
	author = {{Cardona, D.} and {Ruzhansky, M.}},
	title = {Oscillating Singular integral operators on compact lie groups revisited},
	journal = {Mathematische Zeitschrift},
	volume = {303},
	number = {2},
	year = {2022},
	doi = {10.1007/s00209-022-03175-5}
}

@book{cardona-ruzhansky-subelliptic,
	author = {{Cardona, D.} and {Ruzhansky, M.}},
	title = {Subelliptic pseudo-differential operators and Fourier integral operators on compact Lie groups},
	series = {MSJ Memoirs, Mathematical Society of Japan},
	note = {To appear},
	year = {2020},
	pages = {180},
	eprint = {arXiv:2008.09651}
}

@article{cobos-ruzhansky,
	author = {{G{\'o}mez Cobos, S.} and {Ruzhansky, M.}},
	title = {$L^p$-bounds in Safarov pseudo-differential calculus on manifolds with bounded geometry},
	journal = {Journal of London Mathematical Society},
	note = {To appear},
	year = {2024},
	eprint = {arXiv:2403.13920}
}

@article{david-journe,
	author = {{David, G.} and {Journ{\'e}, J. L.}},
	title = {A boundedness criterion for generalized Calder{\'o}n-Zygmund operators},
	journal = {The Annals of Mathematics},
	volume = {120},
	number = {2},
	pages = {371},
	year = {1984},
	doi = {10.2307/2006946}
}

@incollection{delgado,
	author = {{Delgado, J.}},
	title = {L P -bounds for pseudo-differential operators on the torus},
	booktitle = {Pseudo-Differential Operators, Generalized Functions and Asymptotics},
	pages = {103--116},
	year = {2013},
	doi = {10.1007/978-3-0348-0585-8\_6}
}

@article{delgado-ruzhansky,
	author = {{Delgado, J.} and {Ruzhansky, M.}},
	title = {Lp-bounds for pseudo-differential operators on compact lie groups},
	journal = {Journal of the Institute of Mathematics of Jussieu},
	volume = {18},
	number = {3},
	pages = {531--559},
	year = {2017},
	doi = {10.1017/s1474748017000123}
}

@book{duoandikoetxea,
	author = {{Duoandikoetxea, J.}},
	title = {Fourier Analysis},
	publisher = {American Mathematical Society, Providence},
	year = {2001}
}

@article{fefferman-BMO,
	author = {{Fefferman, C.}},
	title = {Characterizations of bounded mean oscillation},
	journal = {Bulletin of the American Mathematical Society},
	volume = {77},
	number = {4},
	pages = {587--588},
	year = {1971},
	doi = {10.1090/s0002-9904-1971-12763-5}
}

@article{fefferman-Lp,
	author = {{Fefferman, C.}},
	title = {Lp bounds for pseudo-differential operators},
	journal = {Israel Journal of Mathematics},
	volume = {14},
	number = {4},
	pages = {413--417},
	year = {1973},
	doi = {10.1007/bf02764718}
}

@article{fefferman-stein,
	author = {{Fefferman, C.} and {Stein, E. M.}},
	title = {Hp spaces of several variables},
	journal = {Acta Mathematica},
	volume = {129},
	number = {0},
	pages = {137--193},
	year = {1972},
	doi = {10.1007/bf02392215}
}

@book{folland-stein,
	author = {{Folland, G. B.} and {Stein, E. M.}},
	title = {Hardy spaces on homogeneous groups},
	publisher = {Princeton University Press, Princeton, NJ},
	year = {1982},
	doi = {10.1515/9780691222455}
}

@book{garcia-defrancia,
	author = {{Garcia-Cuerva, J.} and {Rubio de Francia, J. L.}},
	title = {Weighted norm inequalities and related topics},
	publisher = {North-Holland},
	year = {1985}
}

@book{hormander,
	author = {{H{\"o}rmander, L.}},
	title = {The Analysis of the Linear Partial Differential Operators},
	volume = {III},
	publisher = {Springer, Berlin}
}

@article{hormander1967,
	author = {Hörmander, Lars},
	journal = {Mathematica Scandinavica},
	keywords = {partial differential equations},
	pages = {65-78},
	title = {Lp Estimates for (Pluri-) Subharmonic Functions.},
	volume = {20},
	year = {1967},
}

@article{hounie,
	author = {{Hounie, J.}},
	title = {On the $L^2$ continuity of pseudo-differential operators},
	journal = {Communications in Partial Differential Equations},
	volume = {11},
	number = {7},
	pages = {765--778},
	year = {1986},
	doi = {10.1080/03605308608820444}
}

@article{kohn-nirenberg,
	author = {{Kohn, J.} and {Nirenberg, L.}},
	title = {An algebra of pseudo-differential operators},
	journal = {Communications on Pure and Applied Mathematics},
	volume = {XVIII},
	pages = {269--305},
	year = {1965}
}

@article{mclane,
	author = {{McLean, W.M.}},
	title = {Local and global description of periodic pseudo-differential operators},
	journal = {Mathematische Nachrichten},
	volume = {150},
	pages = {151--161},
	year = {1991}
}

@incollection{molahajloo-wong,
	author = {{Molahajloo, S.} and {Wong, M.W.}},
	title = {Pseudo-differential operators on $\mathbb{S}^1$},
	booktitle = {New Developments in Pseudo-differential Operators},
	editor = {Rodino, L. and Wong, M.W.},
	pages = {297--306},
	publisher = {Birkh{\"a}user},
	year = {2008}
}

@article{muckenhoupt,
	author = {{Muckenhoupt, B.}},
	title = {Weighted norm inequalities for the Hardy maximal function},
	journal = {Transactions of the American Mathematical Society},
	volume = {165},
	pages = {207--226},
	year = {1972}
}

@article{nagase,
	author = {{Nagase, M.}},
	title = {On some classes of L p-bounded pseudodifferential operators},
	journal = {Osaka Journal of Mathematics},
	volume = {23},
	number = {2},
	pages = {425--440},
	year = {1986}
}

@article{park-tomita,
	author = {{Park, B. J.} and {Tomita, N.}},
	title = {Sharp maximal function estimates for linear and multilinear pseudo-differential operators},
	journal = {Journal of Functional Analysis},
	volume = {287},
	number = {12},
	year = {2024}
}

@article{defrancia,
	author = {{Rubio de Francia, J. L.} and {Ruiz, F. J.} and {Torrea, J. L.}},
	title = {Calder{\'o}n-Zygmund theory for operator-valued kernels},
	journal = {Advances in Mathematics},
	volume = {62},
	number = {1},
	pages = {7--48},
	year = {1986},
	doi = {10.1016/0001-8708(86)90086-1}
}

@incollection{ruzhansky-turunen2,
	author = {{Ruzhansky, M.} and {Turunen, M.}},
	title = {On the Fourier analysis of operators on the torus},
	booktitle = {Modern Trends in Pseudo-Differential Operators},
	editor = {J. Toft and M.W. Wong and H. Zhu},
	series = {Operator Theory: Advances and Applications},
	volume = {172},
	publisher = {Birkh{\"a}user},
	pages = {87--105},
	year = {2007}
}

@book{ruzhansky-turunen,
	author = {{Ruzhansky, M.} and {Turunen, V.}},
	title = {Pseudo-differential operators and symmetries: Background analysis and advanced topics},
	publisher = {Birkh{\"a}user, Basel},
	year = {2010}
}

@article{ruzhansky-turunen-quant,
	author = {{Ruzhansky, M.} and {Turunen, V.}},
	title = {Quantization of Pseudo-Differential Operators on the torus},
	journal = {Journal of Fourier Analysis and Applications},
	volume = {16},
	pages = {943--982},
	publisher = {Birkh{\"a}user Verlag, Basel},
	year = {2010}
}
@book{stein-singular,
	ISBN = {9780691080796},
	URL = {http://www.jstor.org/stable/j.ctt1bpmb07},
	author = {ELIAS M. STEIN},
	publisher = {Princeton University Press},
	title = {Singular Integrals and Differentiability Properties of Functions (PMS-30)},
	urldate = {2025-09-12},
	year = {1970}
}

@book{stein,
	ISBN = {9780691032160},
	abstract = {This book contains an exposition of some of the main developments of the last twenty years in the following areas of harmonic analysis: singular integral and pseudo-differential operators, the theory of Hardy spaces, L\sup\ estimates involving oscillatory integrals and Fourier integral operators, relations of curvature to maximal inequalities, and connections with analysis on the Heisenberg group.},
	author = {ELIAS M. STEIN and Timothy S. Murphy},
	publisher = {Princeton University Press},
	title = {Harmonic Analysis (PMS-43): Real-Variable Methods, Orthogonality, and Oscillatory Integrals. (PMS-43)},
	urldate = {2025-09-12},
	year = {1993}
}

@article{turunen-vainikko,
	author = {{Turunen, V.} and {Vainikko, G.}},
	title = {On symbol analysis of periodic pseudodifferential operators},
	journal = {Zeitschrift f{\"u}r Analysis und ihre Anwendungen},
	volume = {17},
	pages = {9--22},
	year = {1998}
}

@phdthesis{wang,
	author = {{Wang, L.}},
	title = {Pseudo-differential operators with rough coefficients},
	school = {McMaster University},
	year = {1997}
}

@book{wong,
	author = {{Wong, M. W.}},
	title = {Discrete Fourier Analysis},
	publisher = {Birkh{\"a}user},
	year = {2011}
}